@article{zaikin1970concentration,
  title={Concentration wave propagation in two-dimensional liquid-phase self-oscillating system},
  author={Zaikin, AN and Zhabotinsky, AM},
  journal={Nature},
  volume={225},
  number={5232},
  pages={535},
  year={1970},
  publisher={Nature Publishing Group}
}

@article{noyes1972oscillations,
  title={Oscillations in chemical systems. I. Detailed mechanism in a system showing temporal oscillations},
  author={Noyes, Richard M and Field, Richard and Koros, Endre},
  journal={Journal of the American Chemical Society},
  volume={94},
  number={4},
  pages={1394--1395},
  year={1972},
  publisher={ACS Publications}
}

@article{field1972oscillations,
  title={Oscillations in chemical systems. II. Thorough analysis of temporal oscillation in the bromate-cerium-malonic acid system},
  author={Field, Richard J and Koros, Endre and Noyes, Richard M},
  journal={Journal of the American Chemical Society},
  volume={94},
  number={25},
  pages={8649--8664},
  year={1972},
  publisher={ACS Publications}
}

@inproceedings{ringermacher2017strong,
  title={Strong New Evidence for Oscillation of the Cosmological Scale Factor Observed in the Large Scale Structure},
  author={Ringermacher, Harry I and Mead, Lawrence R},
  booktitle={American Astronomical Society Meeting Abstracts},
  volume={229},
  year={2017}
}

@book{harvey1957history,
  title={A history of luminescence from the earliest times until 1900},
  author={Harvey, Edmund Newton},
  volume={44},
  year={1957},
  publisher={American Philosophical Society}
}
